@article{DBLP:journals/corr/abs-2003-06404,
  author    = {Ardi Tampuu and
               Maksym Semikin and
               Naveed Muhammad and
               Dmytro Fishman and
               Tambet Matiisen},
  title     = {A Survey of End-to-End Driving: Architectures and Training Methods},
  journal   = {CoRR},
  volume    = {abs/2003.06404},
  year      = {2020},
  url       = {https://arxiv.org/abs/2003.06404},
  archivePrefix = {arXiv},
  eprint    = {2003.06404},
  timestamp = {Fri, 02 Jul 2021 15:42:13 +0200},
  biburl    = {https://dblp.org/rec/journals/corr/abs-2003-06404.bib},
  bibsource = {dblp computer science bibliography, https://dblp.org}
}

@Conference{tesla,
  author = { Andrej Karpathy},
  title  = {Multi-Task Learning in the Wilderness},
  year   = {ICML 2019},
  url    = {https://slideslive.com/38917690/multitask-learning-in-the-wilderness},
}